@Misc{hitch,
    author = {Philippe A. Bopp, Ewa Hawlicka, Siegfried Fritzsche},
    title = {The Hitchhikerâ€™s guide to molecular dynamics},
    year = 2018,
    howpublished = {Springer International Publishing AG, part of Springer Nature 2018}},

@Misc{polar,
    author = {Pedro E. M. Lopes, Benoit Roux, Alexander D. MacKerell Jr},
    title = {Molecular modeling and dynamics studies with explicit inclusion of electronic polarizability: theory and applications},
    year = 2009,
    howpublished = {Springer-Verlag}}

